% Encoding: UTF-8

@Article{Leuning2010A,
  author   = {Leuning, R},
  title    = {A critical appraisal of a combined stomatal-photosynthesis model for C3 plants},
  journal  = {Plant Cell \& Environment},
  year     = {2010},
  volume   = {18},
  number   = {4},
  pages    = {339-355},
}

@Article{Gu2010Reliable,
  author   = {Gu, Lianhong and Pallardy, Stephen G and Tu, Kevin and Law, Beverly E and Wullschleger, Stan D},
  title    = {Reliable estimation of biochemical parameters from C-3 leaf photosynthesis-intercellular carbon dioxide response curves},
  journal  = {Plant Cell \& Environment},
  year     = {2010},
  volume   = {33},
  number   = {11},
  pages    = {1852–1874},
}

@article{Medlyn2011Reconciling,
  title={Reconciling the optimal and empirical approaches to modelling stomatal conductance},
  author={Medlyn, Belinda E. and Duursma, Remko A. and Eamus, Derek and Ellsworth, David S. and Prentice, I. Colin and Barton, Craig V. M. and Crous, Kristine Y. and Angelis, Paolo De and Freeman, Michael and Wingate, Lisa},
  journal={Global Change Biology},
  volume={17},
  number={6},
  pages={2134–2144},
  year={2011},
}

@article{Cowan1977Stomatal,
  title={Stomatal function in relation to leaf metabolism and environment.},
  author={Cowan, I. R. and Farquhar, G. D.},
  journal={Symposia of the Society for Experimental Biology},
  volume={31},
  number={23},
  pages={471},
  year={1977},
}
@Article{Collatz1991Physiological,
  author   = {Collatz, G. James and Ball, J. Timothy and Grivet, Cyril and Berry, Joseph A},
  title    = {Physiological and environmental regulation of stomatal conductance, photosynthesis and transpiration: a model that includes a laminar boundary layer},
  journal  = {Agricultural \& Forest Meteorology},
  year     = {1991},
  volume   = {54},
  number   = {2-4},
  pages    = {107-136},
}

@Article{Lanotte1998A,
  author   = {Lanotte, Ruggero and Maggiolo-Schettini, Andrea},
  title    = {A two-leaf model for canopy conductance, photosynthesis and partitioning of available energy I: : Model description and comparison with a multi-layered model},
  journal  = {Agricultural \& Forest Meteorology},
  year     = {1998},
  volume   = {91},
  number   = {1–2},
  pages    = {89-111},
}

@article{Duursma2012MAESPA,
  title={MAESPA: a model to study interactions between water limitation, environmental drivers and vegetation function at tree and stand levels, with an example application to CO$_2$ drought interactions},
  author={Duursma, R. A. and Medlyn, B. E.},
  journal={Geoscientific Model Development Discussions},
  volume={5},
  number={4},
  pages={919-940},
  year={2012},
}
@article{Barton2012Effects,
  title={Effects of elevated atmospheric [CO 2 ] on instantaneous transpiration efficiency at leaf and canopy scales in Eucalyptus saligna},
  author={Barton, Craig V. M and Duursma, Remko A and Medlyn, Belinda E and Ellsworth, David S and Eamus, Derek and Tissue, David T and Adams, Mark A and Conroy, Jann and Crous, Kristine Y and Liberloo, Marion},
  journal={Global Change Biology},
  volume={18},
  number={2},
  pages={585–595},
  year={2012},
}

@article{Peltoniemi2012Co,
  title={Co-optimal distribution of leaf nitrogen and hydraulic conductance in plant canopies.},
  author={Peltoniemi, M. S. and Duursma, R. A. and Medlyn, B. E.},
  journal={Tree Physiology},
  volume={32},
  number={5},
  pages={510},
  year={2012},
}

@Article{Medlyn2013The,
  author   = {Medlyn, B. E. and Duursma, R. A. and De Kauwe, M. G. and Prentice, I. C.},
  title    = {The optimal stomatal response to atmospheric CO 2 concentration: Alternative solutions, alternative interpretations},
  journal  = {Agricultural \& Forest Meteorology},
  year     = {2013},
  volume   = {182-183},
  number   = {12},
  pages    = {200-203},
}
@Article{Duursma2013Near,
  author   = {Duursma, Remko A. and Payton, Paxton and Bange, Michael P. and Broughton, Katrina J. and Smith, Renee A. and Medlyn, Belinda E. and Tissue, David T.},
  title    = {Near-optimal response of instantaneous transpiration efficiency to vapour pressure deficit, temperature and CO$_2$ in cotton (Gossypium hirsutum L.)},
  journal  = {Agricultural \& Forest Meteorology},
  year     = {2013},
  volume   = {168},
  number   = {1},
  pages    = {168-176},
}

@Article{Duursma2014The,
  author   = {Duursma, Remko A. and Barton, Craig V. M. and Lin, Yan Shih and Medlyn, Belinda E. and Eamus, Derek and Tissue, David T. and Ellsworth, David S. and Mcmurtrie, Ross E.},
  title    = {The peaked response of transpiration rate to vapour pressure deficit in field conditions can be explained by the temperature optimum of photosynthesis},
  journal  = {Agricultural \& Forest Meteorology},
  year     = {2014},
  volume   = {s 189–190},
  number   = {6},
  pages    = {2-10},
}

@Article{Ethier2004On,
  author   = {Ethier, G. J. and Livingston, N. J.},
  title    = {On the need to incorporate sensitivity to CO$_2$ transfer conductance into the Farquhar-von Caemmerer-Berry leaf photosynthesis model},
  journal  = {Plant Cell \& Environment},
  year     = {2004},
  volume   = {27},
  number   = {2},
  pages    = {137–153},
}
@article{Pritchard2001von,
  title={Biochemical models of leaf photosynthesis.},
  author={von Caemmerer S},
  journal={Annals of Botany},
  volume={87},
  number={1},
  pages={136},
  year={2001},
}
@article{Medlyn2007Linking,
  title={Linking leaf and tree water use with an individual-tree model},
  author={Medlyn, Belinda E. and Pepper, David A. and O'Grady, Anthony P. and Keith, Heather},
  journal={Tree Physiology},
  volume={27},
  number={12},
  pages={1687},
  year={2007},
}
@Article{Buckley2014Is,
  author   = {Buckley, T. N. and Martorell, S and Diazespejo, A and Tomàs, M and Medrano, H},
  title    = {Is stomatal conductance optimized over both time and space in plant crowns? A field test in grapevine Vitis vinifera.},
  journal  = {Plant Cell \& Environment},
  year     = {2014},
  volume   = {37},
  number   = {12},
  pages    = {2707},
}

@book{Jones1993Plants,
  title={Plants and microclimate. A quantitative approach to environmental plant physiology.},
  author={Jones, H. G},
  publisher={Cambridge University Press},
  pages={121-122},
  year={1993},
}
@article{Lin2012Temperature,
  title={Temperature responses of leaf net photosynthesis: the role of component processes},
  author={Lin, Y. S. and Medlyn, B. E. and Ellsworth, D. S.},
  journal={Tree Physiology},
  volume={32},
  number={2},
  pages={219-231},
  year={2012},
}
@article{Duursma2015Plantecophys,
  title={Plantecophys-An R Package for Analysing and Modelling Leaf Gas Exchange Data},
  author={Duursma, Remko A.},
  journal={Plos One},
  volume={10},
  number={11},
  pages={e0143346},
  year={2015},
}


@Article{stinziano2017,
  author   = {Stinziano, J. R. and Morgan, P. B. and Lynch, D. J. and Saathoff, A. J. and Mcdermitt, D. K. and Hanson, D. T.},
  title    = {The rapid A-Ci response: photosynthesis in the phenomic era},
  journal  = {Plant Cell \& Environment},
  year     = {2017},
  volume   = {40},
}

@article{Mcdermitt1989,
  title={CO$_2$ response curves can be measured with a field-portable closed-loop photosynthesis system},
  author={Mcdermitt, D. K. and Norman, J. M. and Davis, J. T. and Ball, T. M. and Arkebauer, T. J. and Welles, J. M. and Roerner, S. R.},
  journal={Annales Des Sciences Forestières},
  volume={46},
  number={Supplement},
  pages={416s-420s},
  year={1989},
}

@Article{Leuning2010Theory,
  author   = {Leuning, R. and Csiro, P. Sands},
  title    = {Theory and practice of a portable photosynthesis instrument},
  journal  = {Plant Cell \& Environment},
  year     = {2010},
  volume   = {12},
  number   = {6},
  pages    = {669-678},
}

@article{Long2003Gas,
  title={Gas exchange measurements, what can they tell us about the underlying limitations to photosynthesis? Procedures and sources of error},
  author={Long, S. P. and Bernacchi, C. J.},
  journal={Journal of Experimental Botany},
  volume={54},
  number={392},
  pages={2393},
  year={2003},
}

@article{Pearcy1991Plant,
  title={Plant physiological ecology: field methods and instrumentation.},
  author={Pearcy, R. W and Ehleringer, J. R and Mooney, H. A and Rundel, P. W},
  journal={Plant Growth Regulation},
  volume={10},
  number={1},
  pages={79-80},
  year={1991},
}

@Article{Farquhar1980A,
  author   = {Farquhar, G. D. and Caemmerer, S. Von and Berry, J. A.},
  title    = {A biochemical model of photosynthetic CO$_2$ assimilation in leaves of C3 species.},
  journal  = {Planta},
  year     = {1980},
  volume   = {149},
  number   = {1},
  pages    = {78-90},
}

@article{Sellers1997Modeling,
  title={Modeling the Exchanges of Energy, Water, and Carbon between Continents and the Atmosphere},
  author={Sellers, P. J. and Dickinson, R. E. and Randall, D. A. and Betts, A. K. and Hall, F. G. and Berry, J. A. and Collatz, G. J. and Denning, A. S. and Mooney, H. A. and Nobre, C. A.},
  journal={Science},
  volume={275},
  number={5299},
  pages={502},
  year={1997},
}

@article{Caemmerer1981Some,
  title={Some relationships between the biochemistry of photosynthesis and the gas exchange of leaves},
  author={Caemmerer, S. Von and Farquhar, G. D.},
  journal={Planta},
  volume={153},
  number={4},
  pages={376-387},
  year={1981},
}

@Article{Bernacchi2001Improved,
  author   = {Bernacchi, C. J. and Singsaas, E. L. and Pimentel, C. and Jr, A. R. Portis and Long, S. P.},
  title    = {Improved temperature response functions for models of Rubisco‐limited photosynthesis},
  journal  = {Plant Cell \& Environment},
  year     = {2001},
  volume   = {24},
  number   = {2},
  pages    = {253-259},
}

@Article{Medlyn2002Temperature,
  author   = {Medlyn, B. E and Dreyer, E and Ellsworth, D and Forstreuter, M and Harley, P. C and Kirschbaum, M. U. F and Roux, X Le and Montpied, P and Strassemeyer, J and Walcroft, A},
  title    = {Temperature response of parameters of a biochemically based model of photosynthesis. II. A review of experimental data Review},
  journal  = {Plant Cell \& Environment},
  year     = {2002},
  volume   = {25},
  number   = {9},
  pages    = {1167-1179},
}

@article{Wullschleger1993Biochemical,
  title={Biochemical Limitations to Carbon Assimilation in C3 Plants—A Retrospective Analysis of the A-Ci Curves from 109 Species},
  author={Wullschleger, Stan D},
  journal={Journal of Experimental Botany},
  volume={44},
  number={262},
  pages={907-920},
  year={1993},
}

@Article{Sharkey1982A,
  author   = {Sharkey, Thomas D. and Farquhar, Graham D. and Cowan, Ian R.},
  title    = {A Direct Confirmation of the Standard Method of Estimating Intercellular Partial Pressure of CO$_2$},
  journal  = {Plant Physiology},
  year     = {1982},
  volume   = {69},
  number   = {3},
  pages    = {657-659},
}
@Article{Flexas2008Mesophyll,
  author   = {Flexas, Jaume and Ribas-Carbó, Miquel and Diaz-Espejo, Antonio and Galmés, Jeroni and Medrano, Hipólito},
  title    = {Mesophyll conductance to CO 2 : current knowledge and future prospects},
  journal  = {Plant Cell \& Environment},
  year     = {2008},
  volume   = {31},
  number   = {5},
  pages    = {602–621},
}

@Article{Sharkey2007Fitting,
  author   = {Sharkey, Thomas D and Bernacchi, Carl J and Farquhar, Graham D and Singsaas, Eric L},
  title    = {Fitting photosynthetic carbon dioxide response curves for C 3 leaves},
  journal  = {Plant Cell \& Environment},
  year     = {2007},
  volume   = {30},
  number   = {9},
  pages    = {1035},
}

@article{And1982Stomatal,
  title={Stomatal Conductance and Photosynthesis},
  author={Farquhar, G. D. and Sharkey, T D},
  journal={Annual Reviews of Plant Physiology},
  volume={33},
  number={33},
  pages={317-345},
  year={1982},
}

@book{Ball1987A,
  title={A Model Predicting Stomatal Conductance and its Contribution to the Control of Photosynthesis under Different Environmental Conditions},
  author={Ball, J. Timothy and Woodrow, Ian E. and Berry, Joseph A.},
  publisher={Springer Netherlands},
  pages={221-224},
  year={1987},
}

@Manual{rcore,
    title = {R: A Language and Environment for Statistical Computing},
    author = {{R Core Team}},
    organization = {R Foundation for Statistical Computing},
    address = {Vienna, Austria},
    year = {2021},
    url = {https://www.R-project.org/},
  }

@article{Liang2017A,
  title={A review on the FvCB biochemical model of photosynthesis and the measurement of A-Ci curves},
  author={Liang, Xing Yun and Liu, Shi Rong},
  volume={41},
  number={6},
  pages={693-706},
  year={2017},
}
@article{Caemmerer2000Biochemical,
  title={Biochemical models of leaf photosynthesis.},
  author={Caemmerer, S. Von},
  journal={Quarterly Review of Biology},
  pages={165},
  year={2000},
}
@article{leuning1995a,
title={A critical appraisal of a combined stomatal‐photosynthesis model for C3 plants},
author={Leuning, R},
journal={Plant Cell and Environment},
volume={18},
number={4},
pages={339--355},
year={1995}}

@article{BalyEC1935,
title={The kinetics of photosynthesis},
author={Baly, EC},
journal={Proceedings of the Royal Society of London Series B (Biological Sciences)},
number={117},
pages={218--239},
year={1935}}

@article{YEZiPiao2010,
title={A review on modeling of responses of photosynthesis to light and $CO_2$},
author={YE ZiPiao},
journal={Chinese Journal of Plant Ecology},
number={06},
year={2010}}

@article{HuangHY2009,
title={ Comparison of photosynthetic characteristics in two ecotypes of Jatropha curcas in summer},
author={Huang,  HY and Dou,  XY and Sun,  PY and Deng,  B and Wu,  GJ and Peng, CL},
journal={ Acta Ecologica Sinica},
number={29},
pages={2861--2867},
year={2009}}

@article{ZhangXS2009,
title={The  vertical  distribution  of  cotton  leaf  nitrogen  content and  photosynthetic  characteristics  in  the  North  China Plain},
author={Zhang, XS and Shen, SH and Song, J},
journal={ Acta Ecologica Sinica},
number={29},
pages={1893--1898},
year={2009}}

@article{Thornley1976,
title={Mathematical models in plant physiology},
author={J H M Thornley},
journal={London: Academic Press},
year={1976}}

@article{Bassman1991Gas,
  title={Gas exchange characteristics of Populus trichocarpa, Populus deltoides and Populus trichocarpa $\times$ P. deltoides clones},
  author={Bassman, John H. and Zwier, John C.},
  journal={Tree Physiology},
  volume={8},
  number={2},
  pages={145},
  year={1991},
}

@article{Prado1997Photosynthetic,
  title={Photosynthetic capacity and specific leaf mass in twenty woody species of Cerrado vegetation under field conditions},
  author={Prado, C. H. and Moraes, J. A. P. V. De},
  journal={Photosynthetica},
  volume={33},
  number={1},
  pages={103-112},
  year={1997},
}

@article{Hikosaka2006Temperature,
  title={Temperature acclimation of photosynthesis: mechanisms involved in the changes in temperature dependence of photosynthetic rate.},
  author={Hikosaka, K and Ishikawa, K and Borjigidai, A and Muller, O and Onoda, Y},
  journal={Journal of Experimental Botany},
  volume={57},
  number={2},
  pages={291},
  year={2006},
}

@article{De2016A,
  title={A test of the  one point method for estimating maximum carboxlation capacity from field measured, light saturated photosynthesis},
  author={De Kauwe, Martin G and Lin, Yan Shih and Wright, Ian J and Medlyn, Belinda E and Crous, Kristine Y and Ellsworth, David S and Maire, Vincent and Prentice, I Colin and Atkin, Owen K and Rogers, Alistair},
  journal={New Phytologist},
  volume={210},
  number={3},
  pages={1130},
  year={2016},
}

@article{wang1998a,
title={A two-leaf model for canopy conductance, photosynthesis and partitioning of available energy I: Model description and comparison with a multi-layered model},
author={Wang, Yingping and Leuning, R},
journal={Agricultural and Forest Meteorology},
volume={91},
pages={89-111},
year={1998},
}

@article{Lobo2013Fitting,
  title={Fitting net photosynthetic light-response curves with Microsoft Excel a critical look at the models},
  author={Lobo, F. De A. and Barros, M. P. De and Dalmagro, H. J. and Â. C. Dalmolin and Pereira, W. E. and É. C. de Souza and Vourlitis, G. L. and Ortíz, C. E. Rodríguez},
  journal={Photosynthetica},
  volume={51},
  number={3},
  pages={445-456},
  year={2013},
}

@article{tuzet2003a,
title={A coupled model of stomatal conductance, photosynthesis and transpiration},
author={Tuzet, A and Perrier, A and Leuning, R},
journal={Plant Cell and Environment},
volume={26},
number={7},
pages={1097-1116},
year={2003},
}

@article{Elzhov2016minpack,
title={minpack.lm: R interface to the Levenberg-Marquardt nonlinear least-squares algorithm found in MINPACK, plus support for bounds},
author={Elzhov, Timur V. and Mullen, Katharine M. and Spiess, Andrej Nikolai and Bolker, Ben},
year={2016},
}

@article{nls2,
  title={nls2 Nonlinear regression by S PLUS functions},
  author={Bouvier, Annie and Huet, Sylvie},
  journal={Computational Statistics \& Data Analysis},
  volume={18},
  number={1},
  pages={187-190},
  year={1994},
}

@article{stinziano2018,
title={The rapid A/Ci response: a guide to best practices},
author={Stinziano, Joseph R and Mcdermitt, Dayle K and Lynch, Douglas J and Saathoff, Aaron J and Morgan, Patrick B and Hanson, David T},
journal={New Phytologist},
year={2018}}


@article{matthew2018,
title={An introductory guide to gas exchange analysis of photosynthesis and its application to plant phenotyping and precision irrigation to enhance water use efficiency},
author={Matthew Haworth and Giovanni Marino and Mauro Centritto},
journal={Journal of Water and Climate Change},
year={2018},
doi={https://doi.org/10.2166/wcc.2018.152}}

@article{heath2005rising,
title={Rising Atmospheric CO2 Reduces Sequestration of Root-Derived Soil Carbon},
author={Heath, James R and Ayres, Edward and Possell, Malcolm and Bardgett, Richard D and Black, Helaina I J and Grant, Helen and Ineson, Phil and Kerstiens, Gerhard},
journal={Science},
volume={309},
number={5741},
pages={1711-1713},
year={2005}}

@article{marshall1980a,
title={A Model for C3 Leaves Describing the Dependence of Net Photosynthesis on Irradiance},
author={Marshall, B and Biscoe, P V},
journal={Journal of Experimental Botany},
volume={31},
number={1},
pages={29-39},
year={1980}}

@article{ellsworth2015phosphorus,
title={Phosphorus recycling in photorespiration maintains high photosynthetic capacity in woody species},
author={Ellsworth, David S and Crous, Kristine Y and Lambers, Hans and Cooke, Julia},
journal={Plant Cell and Environment},
volume={38},
number={6},
pages={1142-1156},
year={2015}}

@article{centritto2003,
title={The use of low CO2 to estimate diffusional and non-diffusional limitations of photosynthetic capacity of salt-stressed olive saplings},
author={Centritto, M and Loreto, F and Chartzoulakis, K},
journal={Plant Cell and Environment},
volume={26},
number={4},
pages={585-594},
year={2003}}

@article{lauteri2014,
title={Photosynthetic diffusional constraints affect yield in drought stressed rice cultivars during flowering.},
author={Lauteri, Marco and Haworth, Matthew and Serraj, Rachid and Monteverdi, Maria Cristina and Centritto, Mauro},
journal={PLOS ONE},
volume={9},
number={10},
year={2014}}
    
@article{Aganchich2009,
title={Partial root zone drying: regulation of photosynthetic limitations and antioxidant enzymatic activities in young olive (Olea europaea) saplings},
author={Aganchich, B and Wahbi, S and Loreto, F and Centritto, M},
journal={Tree Physiology},
volume={29},
number={5},
pages={685},
year={2009}
}
	
@article{Haworth2017,
title={Increased free abscisic acid during drought enhances stomatal sensitivity and modifies stomatal behaviour in fast growing giant reed ( Arundo donax  L.)},
author={Haworth, Matthew and Marino, Giovanni and Cosentino, Salvatore Luciano and Brunetti, Cecilia and Carlo, Anna De and Avola, Giovanni and Riggi, Ezio and Loreto, Francesco and Centritto, Mauro},
journal={Environmental & Experimental Botany},
volume={147},
year={2017}
}	

@article{haworth2015coordination,
title={Coordination of stomatal physiological behavior and morphology with carbon dioxide determines stomatal control},
author={Haworth, Matthew and Killi, Dilek and Materassi, Alessandro and Raschi, Antonio},
journal={American Journal of Botany},
volume={102},
number={5},
pages={677-688},
year={2015}}

@article{yin2009using,
title={Using combined measurements of gas exchange and chlorophyll fluorescence to estimate parameters of a biochemical C3 photosynthesis model: a critical appraisal and a new integrated approach applied to leaves in a wheat (Triticum aestivum) canopy},
author={Yin, Xinyou and Struik, P C and Romero, Pascual and Harbinson, Jeremy and Evers, Jochem B and Der Putten, Peter E L Van and Vos, J},
journal={Plant Cell and Environment},
volume={32},
number={5},
pages={448-464},
year={2009}}

@article{Flexas2007leak,
title={Analysis of leakage in IRGA's leaf chambers of open gas exchange systems: quantification and its effects in photosynthesis parameterization},
author={Flexas J , Azespejo A and Berry J A},
journal={Journal of Experimental Botany},
volume={58},
number={6},
pages={1533},
year={2007}}

@article{rodeghiero2007major,
title={Major diffusion leaks of clamp‐on leaf cuvettes still unaccounted: how erroneous are the estimates of Farquhar et al. model parameters?},
author={Rodeghiero, Mirco and Niinemets, Ulo and Cescatti, Alessandro},
journal={Plant Cell and Environment},
volume={30},
number={8},
pages={1006--1022},
year={2007}}

@article{Smith2002,
title={A Tutorial on Principal Component Analysis},
author={Lindsay I Smith},
howpublished = {\url{http://akademik.bahcesehir.edu.tr/~tevfik/courses/cmpe5103/principal_components.pdf}},
year={2002}}

@article{kemp2003modern,
title={Modern Applied Statistics with S},
author={Kemp, Freda},
journal={Journal of The Royal Statistical Society Series D-the Statistician},
volume={52},
number={4},
pages={704-705},
year={2003}}

@article{stinziano2019,
title={Using multirate rapid A\/Ci curves as a tool to explore new questions in the photosynthetic physiology of plants},
author={Joseph R., Stinziano and Rachael K., Adamson and David T., Hanson},
journal={New Phytologist},
doi={10.1111/nph.15657},
year={2019}}

@article{Coursolle12019,
title={Measuring Rapid A–Ci Curves in Boreal Conifers: Black Spruce and Balsam Fir},
author={Coursolle, Carole and Prud’homme, Guillaume O.  and Lamothe1, Manuel  and Isabel1 ,Nathalie },
journal={Frontiers in Plant Science},
doi={10.3389/fpls.2019.01276},
year={2019}}


@article{olesonTechnicalDescriptionVersion2013,
	title = {Technical description of version 4.5 of the {Community} {Land} {Model} ({CLM})},
	url = {https://opensky.ucar.edu/islandora/object/technotes%3A515/},
	doi = {10.5065/D6RR1W7M},
	language = {en},
	urldate = {2020-08-06},
	author = {Oleson, Keith and Lawrence, M. and Bonan, B. and Drewniak, Beth and Huang, Maoyi and Koven, D. and Levis, Samuel and Li, Fang and Riley, J. and Subin, M. and Swenson, Sean and Thornton, E. and Bozbiyik, Anil and Fisher, Rosie and Heald, L. and Kluzek, Erik and Lamarque, Jean-Francois and Lawrence, J. and Leung, Ruby and Lipscomb, William and Muszala, P. and Ricciuto, M. and Sacks, J. and Sun, Ying and Tang, Jinyun and Yang, Zong-Liang},
	year = {2013},
	}


@article{stirbetChlorophyllFluorescenceInduction2012,
	title = {Chlorophyll a fluorescence induction: a personal perspective of the thermal phase, the {J}–{I}–{P} rise},
	volume = {113},
	copyright = {2012 Springer Science+Business Media B.V.},
	issn = {1573-5079},
	shorttitle = {Chlorophyll a fluorescence induction},
	url = {https://link.springer.com/article/10.1007/s11120-012-9754-5},
	doi = {10.1007/s11120-012-9754-5},
	number = {1},
	urldate = {2020-10-16},
	journal = {Photosynthesis Research},
	author = {Stirbet, Alexandrina and Govindjee},
	month = sep,
	year = {2012},
	pages = {15--61}
	}
	
@article{stirbetRelationKautskyEffect2011,
	series = {Special {Issue} on {Recent} {Progress} in the {Studies} of {Structure} and {Function} of {Photosystem} {II}},
	title = {On the relation between the {Kautsky} effect (chlorophyll a fluorescence induction) and {Photosystem} {II}: {Basics} and applications of the {OJIP} fluorescence transient},
	volume = {104},
	issn = {1011-1344},
	doi = {10.1016/j.jphotobiol.2010.12.010},
	number = {1},
	journal = {Journal of Photochemistry and Photobiology B: Biology},
	author = {Stirbet, Alexandrina and {Govindjee}},
	month = jul,
	year = {2011},
	pages = {236--257}
}

@article{knauerBigleafPackageCalculation2018,
	title = {Bigleaf—{An} {R} package for the calculation of physical and physiological ecosystem properties from eddy covariance data},
	volume = {13},
	issn = {1932-6203},
	doi = {10.1371/journal.pone.0201114},
	number = {8},
	journal = {PLOS ONE},
	author = {Knauer, Jürgen and El-Madany, Tarek S. and Zaehle, Sönke and Migliavacca, Mirco},
	year = {2018},
	pages = {e0201114}
	}

@article{mejdovaPhotosyntheticParametersSedgegrass2021,
	title = {Photosynthetic parameters of a sedge-grass marsh as a big-leaf: effect of plant species composition},
	volume = {11},
	issn = {2045-2322},
	doi = {10.1038/s41598-021-82382-2},
	number = {1},
	urldate = {2021-03-19},
	journal = {Scientific Reports},
	author = {Mejdová, Markéta and Dušek, Jiří and Foltýnová, Lenka and Macálková, Lenka and Čížková, Hana},
	month = feb,
	year = {2021},
	pages = {3723}
	}

@article{rpkgphoto,
	title = {The use of {R} in photosynthesis research},
	issn = {1445-4416, 1445-4416},
	url = {https://www.publish.csiro.au/fp/FP21102},
	doi = {10.1071/FP21102},
	urldate = {2021-11-17},
	journal = {Functional Plant Biology},
	author = {Liu, Yasi and Wang, Xiangping and Fan, Dayong and Lai, Jiangshan and Zavafer, Alonso and Liu, Yasi and Wang, Xiangping and Fan, Dayong and Lai, Jiangshan and Zavafer, Alonso},
	month = oct,
	year = {2021},
	note = {Publisher: CSIRO PUBLISHING}
	}

@Misc{photosynthesispkg,
	 title = {photosynthesis: tools for plant ecophysiology & modeling},
     author = {Joseph R Stinziano and Cassaundra Roback and Demi Gamble and Bridget Murphy and Patrick Hudson and Christopher D Muir},
     note = {R package version 2.0.1},
     year = {2020},
     url = {https://CRAN.R-project.org/package=photosynthesis},
   }
   

@article{saathoff_gas_2021,
	title = {Gas exchange measurements in the unsteady state},
	volume = {44},
	issn = {1365-3040},
	url = {https://onlinelibrary.wiley.com/doi/abs/10.1111/pce.14178},
	doi = {10.1111/pce.14178},
	number = {11},
	urldate = {2021-11-19},
	journal = {Plant, Cell \& Environment},
	author = {Saathoff, Aaron J. and Welles, Jon},
	year = {2021},
	pages = {3509--3523}
}

@article{de_lobo_fitting_2013,
	title = {Fitting net photosynthetic light-response curves with {Microsoft} {Excel} - a critical look at the models},
	volume = {51},
	issn = {03003604, 15739058},
	url = {http://ps.ueb.cas.cz/doi/10.1007/s11099-013-0045-y.html},
	doi = {10.1007/s11099-013-0045-y},
	number = {3},
	urldate = {2021-11-19},
	journal = {Photosynthetica},
	author = {de Lobo, F. A. and de Barros, M. P. and Dalmagro, H. J. and Dalmolin, Â. C. and Pereira, W. E. and de Souza, É. C. and Vourlitis, G. L. and Ortíz, C. E.},
	month = sep,
	year = {2013},
	pages = {445--456},
}

@article{wayResponsesRespirationLight2019,
	title = {Responses of respiration in the light to warming in field-grown trees: a comparison of the thermal sensitivity of the {Kok} and {Laisk} methods},
	volume = {222},
	issn = {1469-8137},
	doi = {https://doi.org/10.1111/nph.15566},
	number = {1},
	urldate = {2021-03-31},
	journal = {New Phytologist},
	author = {Way, Danielle A. and Aspinwall, Michael J. and Drake, John E. and Crous, Kristine Y. and Campany, Courtney E. and Ghannoum, Oula and Tissue, David T. and Tjoelker, Mark G.},
	year = {2019},
	pages = {132--143}
}

@article{kokInhibitionPhotosynthesisIntense1956,
	title = {On the inhibition of photosynthesis by intense light},
	volume = {21},
	doi = {10.1016/0006-3002(56)90003-8},
	number = {2},
	urldate = {2021-03-31},
	journal = {Biochimica et Biophysica Acta},
	author = {Kok, Bessel},
	year = {1956},
	pages = {234--244}
}

@article{ogren_convexity_1993,
	title = {Convexity of the {Photosynthetic} {Light}-{Response} {Curve} in {Relation} to {Intensity} and {Direction} of {Light} during {Growth}.},
	volume = {101},
	issn = {0032-0889},
	url = {https://www.ncbi.nlm.nih.gov/pmc/articles/PMC158720/},
	number = {3},
	journal = {Plant Physiology},
	author = {Ogren, E.},
	month = mar,
	year = {1993},
	pmid = {12231754},
	pmcid = {PMC158720},
	pages = {1013--1019},
}

@book{fabozzi_basics_2014,
	edition = {1st edition},
	title = {The {Basics} of {Financial} {Econometrics}: {Tools}, {Concepts}, and {Asset} {Management} {Applications}},
	shorttitle = {The {Basics} of {Financial} {Econometrics}},
	language = {English},
	publisher = {Wiley},
	author = {Fabozzi, Frank J. and Focardi, Sergio M. and Rachev, Svetlozar T. and Arshanapalli, Bala G.},
	month = mar,
	year = {2014},
}


@article{bernacchi_temperature_2002,
	title = {Temperature {Response} of {Mesophyll} {Conductance}. {Implications} for the {Determination} of {Rubisco} {Enzyme} {Kinetics} and for {Limitations} to {Photosynthesis} in {Vivo}},
	volume = {130},
	copyright = {Copyright © 2002 American Society of Plant Biologists},
	issn = {0032-0889, 1532-2548},
	url = {http://www.plantphysiol.org/content/130/4/1992},
	doi = {10.1104/pp.008250},
	language = {en},
	number = {4},
	urldate = {2021-03-22},
	journal = {Plant Physiology},
	author = {Bernacchi, Carl J. and Portis, Archie R. and Nakano, Hiromi and Caemmerer, Susanne von and Long, Stephen P.},
	month = dec,
	year = {2002},
	pmid = {12481082},
	note = {Publisher: American Society of Plant Biologists Section: WHOLE PLANT AND ECOPHYSIOLOGY},
	pages = {1992--1998},
}

@article{medlyn_temperature_2002,
	title = {Temperature response of parameters of a biochemically based model of photosynthesis. {II}. {A} review of experimental data},
	volume = {25},
	issn = {1365-3040},
	url = {https://onlinelibrary.wiley.com/doi/abs/10.1046/j.1365-3040.2002.00891.x},
	doi = {https://doi.org/10.1046/j.1365-3040.2002.00891.x},
	language = {en},
	number = {9},
	urldate = {2021-03-20},
	journal = {Plant, Cell \& Environment},
	author = {Medlyn, B. E. and Dreyer, E. and Ellsworth, D. and Forstreuter, M. and Harley, P. C. and Kirschbaum, M. U. F. and Roux, X. Le and Montpied, P. and Strassemeyer, J. and Walcroft, A. and Wang, K. and Loustau, D.},
	year = {2002},
	note = {\_eprint: https://onlinelibrary.wiley.com/doi/pdf/10.1046/j.1365-3040.2002.00891.x},
	keywords = {photosynthesis, 5-bisphosphate carboxylase-oxygenase, 5-bisphosphate regeneration, electron transport, model parameters, ribulose-1, temperature acclimation},
	pages = {1167--1179},
}


@article{farquharBiochemicalModelPhotosynthetic1980,
	title = {A biochemical model of photosynthetic {CO2} assimilation in leaves of {C3} species},
	volume = {149},
	issn = {1432-2048},
	doi = {10.1007/BF00386231},
	number = {1},
	journal = {Planta},
	author = {Farquhar, G. D. and von Caemmerer, S. and Berry, J. A.},
	year = {1980},
	pages = {78--90}
	}

@article{buckleyPartitioningChangesPhotosynthetic2015a,
	title = {Partitioning changes in photosynthetic rate into contributions from different variables},
	volume = {38},
	copyright = {© 2014 John Wiley \& Sons Ltd},
	issn = {1365-3040},
	doi = {https://doi.org/10.1111/pce.12459},
	number = {6},
	urldate = {2021-03-20},
	journal = {Plant, Cell \& Environment},
	author = {Buckley, Thomas N. and Diaz‐Espejo, Antonio},
	year = {2015},
	pages = {1200--1211}
}

@article{walkerImprovedMethodMeasuring2015a,
	title = {Improved method for measuring the apparent {CO2} photocompensation point resolves the impact of multiple internal conductances to {CO2} to net gas exchange},
	volume = {38},
	doi = {https://doi.org/10.1111/pce.12562},
	number = {11},
	journal = {Plant, Cell \& Environment},
	author = {Walker, Berkley J. and Ort, Donald R.},
	year = {2015},
	pages = {2462--2474}
}

@article{wayResponsesRespirationLight2019,
	title = {Responses of respiration in the light to warming in field-grown trees: a comparison of the thermal sensitivity of the {Kok} and {Laisk} methods},
	volume = {222},
	issn = {1469-8137},
	doi = {https://doi.org/10.1111/nph.15566},
	number = {1},
	urldate = {2021-03-31},
	journal = {New Phytologist},
	author = {Way, Danielle A. and Aspinwall, Michael J. and Drake, John E. and Crous, Kristine Y. and Campany, Courtney E. and Ghannoum, Oula and Tissue, David T. and Tjoelker, Mark G.},
	year = {2019},
	pages = {132--143}
}

@article{stinzianoRapidCiResponse2017,
	title = {The rapid {A}–{Ci} response: photosynthesis in the phenomic era},
	volume = {40},
	issn = {1365-3040},
	url = {https://onlinelibrary.wiley.com/doi/abs/10.1111/pce.12911},
	doi = {https://doi.org/10.1111/pce.12911},
	number = {8},
	journal = {Plant, Cell \& Environment},
	author = {Stinziano, Joseph R. and Morgan, Patrick B. and Lynch, Douglas J. and Saathoff, Aaron J. and McDermitt, Dayle K. and Hanson, David T.},
	year = {2017},
	pages = {1256--1262}
}

 @Misc{photostinz,
     title = {photosynthesis: tools for plant ecophysiology & modeling},
     author = {Joseph R Stinziano and Cassaundra Roback and Demi Gamble and Bridget Murphy and Patrick Hudson and Christopher D Muir},
     note = {R package version 2.0.1},
     year = {2020},
     url = {https://CRAN.R-project.org/package=photosynthesis}
  }
  
  @article{duursmaPlantecophysPackageAnalysing2015,
	title = {Plantecophys - {An} {R} {Package} for {Analysing} and {Modelling} {Leaf} {Gas} {Exchange} {Data}},
	volume = {10},
	issn = {1932-6203},
	doi = {10.1371/journal.pone.0143346},
	number = {11},
	urldate = {2021-03-20},
	journal = {PLOS ONE},
	author = {Duursma, Remko A.},
	year = {2015},
	pages = {e0143346}
}

@article{duursmaPlantecophysPackageAnalysing2015,
	title = {Plantecophys - {An} {R} {Package} for {Analysing} and {Modelling} {Leaf} {Gas} {Exchange} {Data}},
	volume = {10},
	issn = {1932-6203},
	doi = {10.1371/journal.pone.0143346},
	number = {11},
	urldate = {2021-03-20},
	journal = {PLOS ONE},
	author = {Duursma, Remko A.},
	year = {2015},
	pages = {e0143346}
}

@article{guReliableEstimationBiochemical2010,
	title = {Reliable estimation of biochemical parameters from {C3} leaf photosynthesis-intercellular carbon dioxide response curves},
	volume = {33},
	issn = {1365-3040},
	doi = {10.1111/j.1365-3040.2010.02192.x},
	number = {11},
	journal = {Plant, Cell \& Environment},
	author = {Gu, Lianhong and Pallardy, Stephen G. and Tu, Kevin and Law, Beverly E. and Wullschleger, Stan D.},
	year = {2010},
	pages = {1852--1874}
}

@article{sharkeyTriosePhosphateUtilization2019,
	title = {Is triose phosphate utilization important for understanding photosynthesis?},
	volume = {70},
	issn = {0022-0957},
	doi = {10.1093/jxb/erz393},
	urldate = {2021-03-20},
	journal = {Journal of Experimental Botany},
	author = {Sharkey, Thomas D},
	month = oct,
	year = {2019},
	pages = {5521--5525}
}

@article{marshallModelC3Leaves1980,
	title = {A {Model} for {C3} {Leaves} {Describing} the {Dependence} of {Net} {Photosynthesis} on {Irradiance}},
	volume = {31},
	issn = {0022-0957},
	doi = {10.1093/jxb/31.1.29},
	journal = {Journal of Experimental Botany},
	author = {MARSHALL, B. and BISCOE, P. V.},
	year = {1980},
	pages = {29--39}
}

@article{QuantitativeLawsBiological1916,
	title = {Quantitative {Laws} in {Biological} {Chemistry}},
	volume = {14},
	issn = {0093-402X},
	number = {5},
	urldate = {2021-03-20},
	journal = {California State Journal of Medicine},
	year = {1916},
	pages = {203}
}

@article{medlynTemperatureResponseParameters2002,
	title = {Temperature response of parameters of a biochemically based model of photosynthesis. {II}. {A} review of experimental data},
	volume = {25},
	issn = {1365-3040},
	doi = {https://doi.org/10.1046/j.1365-3040.2002.00891.x},
	number = {9},
	journal = {Plant, Cell \& Environment},
	author = {Medlyn, B. E. and Dreyer, E. and Ellsworth, D. and Forstreuter, M. and Harley, P. C. and Kirschbaum, M. U. F. and Roux, X. Le and Montpied, P. and Strassemeyer, J. and Walcroft, A. and Wang, K. and Loustau, D.},
	year = {2002},
	pages = {1167--1179}
}

@article{bernacchiTemperatureResponseMesophyll2002a,
	title = {Temperature {Response} of {Mesophyll} {Conductance}. {Implications} for the {Determination} of {Rubisco} {Enzyme} {Kinetics} and for {Limitations} to {Photosynthesis} in {Vivo}},
	volume = {130},
	issn = {0032-0889, 1532-2548},
	doi = {10.1104/pp.008250},
	language = {en},
	number = {4},
	journal = {Plant Physiology},
	author = {Bernacchi, Carl J. and Portis, Archie R. and Nakano, Hiromi and Caemmerer, Susanne von and Long, Stephen P.},
	year = {2002},
	pages = {1992--1998}
}

@article{bernacchiImprovedTemperatureResponse2001,
	title = {Improved temperature response functions for models of {Rubisco}-limited photosynthesis},
	volume = {24},
	issn = {1365-3040},
	doi = {https://doi.org/10.1111/j.1365-3040.2001.00668.x},
	number = {2},
	urldate = {2021-03-22},
	journal = {Plant, Cell \& Environment},
	author = {Bernacchi, C. J. and Singsaas, E. L. and Pimentel, C. and Jr, A. R. Portis and Long, S. P.},
	year = {2001},
	pages = {253--259}
}

@article{harleyTheoreticalConsiderationsWhen1992,
	title = {Theoretical {Considerations} when {Estimating} the {Mesophyll} {Conductance} to {CO2} {Flux} by {Analysis} of the {Response} of {Photosynthesis} to {CO2}},
	volume = {98},
	issn = {0032-0889, 1532-2548},
	journal = {Plant Physiology},
	author = {Harley, Peter C. and Loreto, Francesco and Marco, Giorgio Di and Sharkey, Thomas D.},
	year = {1992},
	pages = {1429--1436}
}



@article{walkerImprovedMethodMeasuring2015,
	title = {Improved method for measuring the apparent {CO2} photocompensation point resolves the impact of multiple internal conductances to {CO2} to net gas exchange},
	volume = {38},
	doi = {10.1111/pce.12562},
	number = {11},
	journal = {Plant, Cell \& Environment},
	author = {Walker, Berkley J. and Ort, Donald R.},
	year = {2015},
	pages = {2462--2474}
}

@article{kokInhibitionPhotosynthesisIntense1956,
	title = {On the inhibition of photosynthesis by intense light},
	volume = {21},
	doi = {10.1016/0006-3002(56)90003-8},
	number = {2},
	urldate = {2021-03-31},
	journal = {Biochimica et Biophysica Acta},
	author = {Kok, Bessel},
	year = {1956},
	pages = {234--244}
}

@article{yinUsingCombinedMeasurements2009,
	title = {Using combined measurements of gas exchange and chlorophyll fluorescence to estimate parameters of a biochemical {C} photosynthesis model: a critical appraisal and a new integrated approach applied to leaves in a wheat ({Triticum} aestivum) canopy},
	volume = {32},
	issn = {1365-3040},
	doi = {10.1111/j.1365-3040.2009.01934.x},
	number = {5},
	journal = {Plant, Cell \& Environment},
	author = {Yin, Xinyou and Struik, Paul C. and Romero, Pascual and Harbinson, Jeremy and Evers, Jochem B. and VAN DER Putten, Peter E. L. and Vos, Jan},
	year = {2009},
	pages = {448--464}
}

@article{yinC3C4Photosynthesis2009,
	series = {Recent {Advances} in {Crop} {Growth} {Modelling}},
	title = {C3 and {C4} photosynthesis models: {An} overview from the perspective of crop modelling},
	volume = {57},
	issn = {1573-5214},
	doi = {10.1016/j.njas.2009.07.001},
	number = {1},
	journal = {NJAS - Wageningen Journal of Life Sciences},
	author = {Yin, X. and Struik, P. C.},
	year = {2009},
	pages = {27--38}
}


@article{brooksEffectTemperatureCO21985,
	title = {Effect of temperature on the {CO2}/{O2} specificity of ribulose-1,5-bisphosphate carboxylase/oxygenase and the rate of respiration in the light},
	volume = {165},
	doi = {10.1007/BF00392238},
	number = {3},
	journal = {Planta},
	author = {Brooks, A. and Farquhar, G. D.},
	year = {1985},
	pages = {397--406}
}

@article{wayResponsesRespirationLight2019,
	title = {Responses of respiration in the light to warming in field-grown trees: a comparison of the thermal sensitivity of the {Kok} and {Laisk} methods},
	volume = {222},
	issn = {1469-8137},
	doi = {https://doi.org/10.1111/nph.15566},
	number = {1},
	urldate = {2021-03-31},
	journal = {New Phytologist},
	author = {Way, Danielle A. and Aspinwall, Michael J. and Drake, John E. and Crous, Kristine Y. and Campany, Courtney E. and Ghannoum, Oula and Tissue, David T. and Tjoelker, Mark G.},
	year = {2019},
	pages = {132--143}
}


@article{yinEvaluatingNewMethod2011,
	title = {Evaluating a new method to estimate the rate of leaf respiration in the light by analysis of combined gas exchange and chlorophyll fluorescence measurements},
	volume = {62},
	issn = {0022-0957},
	doi = {10.1093/jxb/err038},
	number = {10},
	journal = {Journal of Experimental Botany},
	author = {Yin, Xinyou and Sun, Zhouping and Struik, Paul C. and Gu, Junfei},
	year = {2011},
	pages = {3489--3499}
}

@article{ball_model_1987,
	title = {A {Model} {Predicting} {Stomatal} {Conductance} and {Its} {Contribution} to the {Control} of {Photosynthesis} {Under} {Different} {Environmental} {Conditions}},
	volume = {4},
	issn = {978-94-017-0521-9},
	doi = {10.1007/978-94-017-0519-6_48},
	journal = {Progress in Photosynthesis Research},
	author = {Ball, John and Woodrow, Ian and Berry, Joseph},
	month = jan,
	year = {1987},
	pages = {221--224}
}

@article{leuning_critical_1995,
	title = {A critical appraisal of a combined stomatal-photosynthesis model for C3 plants},
	volume = {18},
	issn = {1365-3040},
	doi = {https://doi.org/10.1111/j.1365-3040.1995.tb00370.x},
	number = {4},
	urldate = {2021-04-29},
	journal = {Plant, Cell \& Environment},
	author = {Leuning, R.},
	year = {1995},
	pages = {339--355}
}


@article{Medlyn2011Reconciling,
  title={Reconciling the optimal and empirical approaches to modelling stomatal conductance},
  author={Medlyn, Belinda E. and Duursma, Remko A. and Eamus, Derek and Ellsworth, David S. and Prentice, I. Colin and Barton, Craig V. M. and Crous, Kristine Y. and Angelis, Paolo De and Freeman, Michael and Wingate, Lisa},
  journal={Global Change Biology},
  volume={17},
  number={6},
  pages={2134–2144},
  year={2011},
}

@article{duursma_near-optimal_2013,
	title = {Near-optimal response of instantaneous transpiration efficiency to vapour pressure deficit, temperature and [{CO2}] in cotton ({Gossypium} hirsutum {L}.)},
	volume = {168},
	issn = {0168-1923},
	doi = {10.1016/j.agrformet.2012.09.005},
	journal = {Agricultural and Forest Meteorology},
	author = {Duursma, Remko A. and Payton, Paxton and Bange, Michael P. and Broughton, Katrina J. and Smith, Renee A. and Medlyn, Belinda E. and Tissue, David T.},
	year = {2013},
	pages = {168--176}
}


@article{warton2012smatr,
title={smatr 3– an R package for estimation and inference about allometric lines},
author={Warton, David I and Duursma, Remko A and Falster, Daniel S and Taskinen, Sara},
journal={Methods in Ecology and Evolution},
volume={3},
number={2},
pages={257--259},
year={2012}}
   
@article{warton2006smatr,   
title={Bivariate line‐fitting methods for allometry},
author={Warton, David I and Wright, Ian J and Falster, Daniel S and Westoby, Mark},
journal={Biological Reviews},
volume={81},
number={2},
pages={259--291},
year={2006}}


@article{tsimilli_revisiting2019,
	title = {Revisiting {JIP}-test: {An} educative review on concepts, assumptions, approximations, definitions and terminology},
	volume = {57},
	doi = {10.32615/ps.2019.150},
	journal = {Photosynthetica},
	author = {Tsimilli-Michael, Merope},
	month = dec,
	year = {2019},
	pages = {90--107},
}

@article{bussotti_jip_2010,
	title = {The {JIP} test: {A} tool to screen the capacity of plant adaptation to climate change},
	volume = {25},
	journal = {Scandinavian Journal of Forest Research},
	author = {Bussotti, Filippo and Desotgiu, Rosanna and Pollastrini, Martina and Cascio, Chiara},
	month = aug,
	year = {2010},
	pages = {1--8},
}
